
@book{survey,
  title = {System Availability Benchmarking - A Survey},
  author = {Jeremy Langston},
  publisher = {School of Electrical and Computer Engineering Tennessee Technological University},
  year = {2005},
  address = {Cookeville, Tennessee 38505},
  edition = {3rd}
}

@book{toeroe2012service,
  title={Service Availability: Principles and Practice},
  author={Toeroe, M. and Tam, F.},
  isbn={9781119941675},
  url={https://books.google.fi/books?id=Ql1oHlKkHOsC},
  year={2012},
  publisher={Wiley},
  note={Provides definition of the concepts, and principles of dependable computer systems in general, and service availability in particular.}
}

@ARTICLE{1335465,
author={A. {Avizienis} and J. -. {Laprie} and B. {Randell} and C. {Landwehr}},
journal={IEEE Transactions on Dependable and Secure Computing},
title={Basic concepts and taxonomy of dependable and secure computing},
year={2004},
volume={1},
number={1},
pages={11-33},
keywords={fault tolerant computing;data privacy;security of data;system recovery;software reliability;taxonomy;dependable computing;secure computing;system reliability;system availability;system safety;system integrity;system maintainability;fault prevention;fault tolerance;fault removal;fault forecasting;system security;system failures;system vulnerabilities;system attacks;Taxonomy;Availability;Fault tolerance;Safety;Maintenance;Communication system security;Uncertainty;Standardization;Books;Index Terms- Dependability;security;trust;faults;errors;failures;vulnerabilities;attacks;fault tolerance;fault removal;fault forecasting.},
doi={10.1109/TDSC.2004.2},
ISSN={},
month={Jan},}

@INPROCEEDINGS{1625369,
author={E. {Jonsson}},
booktitle={First International Conference on Availability, Reliability and Security (ARES'06)},
title={Towards an integrated conceptual model of security and dependability},
year={2006},
volume={},
number={},
pages={8 pp.-653},
keywords={security of data;data models;security of data;integrated high-level conceptual model;Availability;Data security;Information security;Computer security;Maintenance;Software safety;Computer science;Reliability engineering;Terminology;Writing;Java;JVM;software components;component isolation;resource management},
doi={10.1109/ARES.2006.138},
ISSN={},
month={April},}

@article{Jonsson2006TowardsAI,
  title={Towards an integrated conceptual model of security and dependability},
  author={Erland Jonsson},
  journal={First International Conference on Availability, Reliability and Security (ARES'06)},
  year={2006},
  pages={8 pp.-653}
},

@Article{SoftAvailability,
author = {Koichi Tokuno and Shigeru Yamada},
title = {USER-ORIENTED AND -PERCEIVED SOFTWARE AVAILABILITY MEASUREMENT AND ASSESSMENT WITH ENVIRONMENTAL FACTORS(the 50th Anniversary of the Operations Research Society of Japan)},
journal = {Journal of the Operations Research Society of Japan},
year = {2007},
OPTkey = {•},
OPTvolume = {50},
OPTnumber = {4},
OPTpages = {444-462},
OPTmonth = {•},
OPTnote = {•},
OPTannote = {•}
}

@article{9858259720141001,
note = {This paper presents an integrated enterprise architecture framework for qualitative and quantitative modeling and assessment of enterprise IT service availability.},
Author = {Franke, Ulrik and Johnson, Pontus and König, Johan},
ISSN = {16191366},
Journal = {Software and Systems Modeling},
Keywords = {SYSTEMS availability, MODEL-driven software architecture, FAULT trees (Reliability engineering), INFORMATION technology, SOFTWARE frameworks, SOFTWARE engineering, ArchiMate, Downtime, Enterprise Architecture, Metamodel, Noisy-OR, OCL, Service availability, System quality analysis, Systems availability},
Number = {4},
Pages = {1417 - 1445},
Title = {An architecture framework for enterprise IT service availability analysis.},
Volume = {13},
URL = {http://search.ebscohost.com.libproxy.helsinki.fi/login.aspx?direct=true&db=a9h&AN=98582597&site=ehost-live&scope=site},
Year = {2014},
}

@ARTICLE{5723067,
author={N. {Milanovic} and B. {Milic}},
journal={IEEE Transactions on Services Computing},
title={Automatic Generation of Service Availability Models},
year={2011},
volume={4},
number={1},
pages={56-69},
note={This article is about business data processing,information technology, reliability, service-oriented architecture, IT service management, trustworthy service delivery, business process availability, service availability model, investment return, IT architecture;service level agreement, systematic model based methodology, Computational modeling, Markov processes, Maintenance engineering, Reliability, high availability;services models....},
doi={10.1109/TSC.2010.11},
ISSN={},
month={Jan},}

@ARTICLE{AvalDisgest,
author={Sombers Associates, Inc. and W. H. Highleyman},
journal={The Availability Digest},
title={Let’s Get an Availability Benchmark},
year={2007},
URL = {www.availabilitydigest.com},
}

@article{ProacMgmnt,
author={Castelli,V. and Harper,R. E. and Heidelberger,P. and Hunter,S. W. and Trivedi,K. S. and Vaidyanathan,K. and Zeggert,W. P.},
year={2001},
title={Proactive management of software aging},
journal={IBM J.RES.DEV},
volume={45},
number={2},
pages={311-332},
note={Date revised - 2001-09-01; Last updated - 2011-11-11; the paper is about Fault tolerant computer systems, Computer software maintenance, Computer software selection and evaluation, Software agents, Computer system recovery, Mathematical models, Availability, Cost effectiveness, Algorithms, and Forecasting},
abstract={In response to the strong desire of customers to be provided with advance notice of unplanned outages, techniques were developed that detect the occurrence of software aging due to resource exhaustion, estimate the time remaining until the exhaustion reaches a critical level, and automatically perform proactive software rejuvination of an application, process group, or entire operating system. The resulting techniques are very general and can capture a multitude of cluster system characteristics, failure behavior, and performability measures.},
keywords={Computer & Information Systems (CI); Computer software maintenance; Availability; Algorithms; Computer software selection and evaluation; Cost effectiveness; Fault tolerant computer systems; Software agents; Computer system recovery; Mathematical models; Forecasting; Article; C: 911.2 Industrial Economics (CI); C: 723.1 Computer Programming; C: 722.4 Digital Computers and Systems; C: 921.6 Numerical Methods},
isbn={0018-8646, 0018-8646},
url={https://search.proquest.com/docview/26879113?accountid=11365},
} 

@ARTICLE{1672296,
author={T. F. {Arnold}},
journal={IEEE Transactions on Computers},
title={The Concept of Coverage and Its Effect on the Reliability Model of a Repairable System},
year={1973},
volume={C-22},
number={3},
pages={251-254},
keywords={Coverage, fault tolerance, recovery, redundancy, reliability, reliability estimation.;Coverage, fault tolerance, recovery, redundancy, reliability, reliability estimation.},
doi={10.1109/T-C.1973.223703},
ISSN={},
month={March},}

@ARTICLE{1672217,
author={ALGIRDAS  AVIZIENIS},
journal={Proc. 1967 Fall Joint Computer Conf. , AFIPS Conf. Proc},
title={Design of fault-tolerant  computers },
volume={vol. 31},
pages={pp. 733-743, 1967},}

@ARTICLE{1672218,
author={E. Vargas},
journal={Sun BluePrints Online, Enterprise Engineering, Sun Microsystems, Inc.},
title={“High Availability Fundamentals”},
year={2000},}

@ARTICLE{1672219,
author={D. Brock},
journal={Data General},
title={“A Recommendation for High-Availability Options in TPC
Benchmarks”},}

@ARTICLE{1672220,
author={S. M. Ross},
journal={Academic Press, 6th edition,},
title={Inroduction to probability models.},
year={1997},}

@INPROCEEDINGS{Enriquez02lessonsfrom,
    author = {Patricia Enriquez and Aaron Brown and David Patterson},
    title = {Lessons from the PSTN for dependable computing – a study of FCC disruption reports},
    booktitle = {In Proc. Workshop on Self-Healing, Adaptive, and and Self-Managed Systems},
    year = {2002}
}

@ARTICLE{6092407,
author={U. {Franke}},
journal={IEEE Transactions on Network and Service Management},
title={Optimal IT Service Availability: Shorter Outages, or Fewer?},
year={2012},
volume={9},
number={1},
pages={22-33},
keywords={business data processing;reliability;risk management;service-oriented architecture;high enterprise IT service availability;economic importance;service level agreement;availability risk management;revenue data;archetypal case;optimal outage length;feasibility method;SLA management;Availability;Investments;Power system reliability;Chebyshev approximation;Service level agreements;optimization techniques;availability;SLA management;fault management;policy-based management},
doi={10.1109/TNSM.2011.110811.110122},
ISSN={},
month={March},}

@ARTICLE{Norv1,
author={C. Asker},
title={Billettkaos for U2-konserten.},
year={February 5, 2005 [online] Access (19. okt. 2011 11:30)},
URL = {https://www.aftenposten.no/kultur/i/5BlxK/billettkaos-for-u2-konserten},
note={In Norwegian},
}

@article{article,
author = {Clark, Dr and Lehr, William and Liu, Mr and Mit,},
year = {2000},
month = {01},
pages = {},
title = {Provisioning for bursty Internet traffic: Implications for industry and Internet structure}
}

@book{HA2006,
title = { High Availability and Disaster Recovery: Concepts, Design, Implementation},
author = {Klaus Schmidt},
publisher = {Springer Berlin Heidelberg New York},
year = {2006},
address = {Stockheimer Str. 2060385 Frankfurt Germany},
}

@article{doi:10.1177/109434200101500209,
author = {Ira Pramanick},
title ={High Availability},
journal = {The International Journal of High Performance Computing Applications},
volume = {15},
number = {2},
pages = {169-174},
year = {2001},
doi = {10.1177/109434200101500209},

URL = { 
        https://doi.org/10.1177/109434200101500209
    
},
eprint = { 
        https://doi.org/10.1177/109434200101500209
    
}

}


@book{Jalote:1994:FTD:179250,
 author = {Jalote, Pankaj},
 title = {Fault Tolerance in Distributed Systems},
 year = {1994},
 isbn = {0-13-301367-7},
 publisher = {Prentice-Hall, Inc.},
 address = {Upper Saddle River, NJ, USA},
} 



@article{BBC2011,
author = {BBC},
year = {2011},
month = {},
url = {http://www.bbc.co.uk/news/business-13242782 (accessed 4 May 2011)},
title = {Amazon Apologises for Cloud Fault One Week on},
}


@article{Amaz2011,
author = {Amazon Web Services},
year = {2011},
month = {},
url = {http://aws.amazon.com/message/65648/ (accessed 12 December 2011)},
title = {Summary of the Amazon EC2 and Amazon RDS Service Disruption in the
US East Region},
}

@article{DowntimeInc2013,
author = {Priya Narasimhan},
year = {2011},
month = {},
url = {https://www.cs.cmu.edu/~priya/downtime.html (accessed 24 February 2013,)},
title = {Downtime and Outage Incidents},
}

@article{Yle2008,
 author = {YLE},
 title = {Widespread Disturbance in Elisa's GSM Network Fixed.},
 year = {2008},
 isbn = {},
 URL ={https://yle.fi/uutiset/osasto/news/widespread_disturbance_in_elisas_gsm_network_fixed/5836768 (accessed   24.5.2012)},
} 

@book{SRE,
  title={Site Reliability Engineering: How Google Runs Production Systems},
  author={Betsy Beyer, Chris Jones, Jennifer Petoff, Niall Richard Murphy},
  year={2016},
  publisher={O'Reilly Media, Inc},
  note={Chapter 4}
}

@article{20190,
 author = {},
 title = {},
 year = {},
 isbn = {},
 URL ={https://en.wikipedia.org/wiki/Computer_cluster},
} 

@article{20191,
 author = {Bader, David; Robert Pennington},
 title = {"Cluster Computing: Applications". Georgia Tech College of Computing. Retrieved 2007-07-13.},
 year = {June 1996)},
 isbn = {},
} 

@article{20192,
 author = {},
 title = {},
 year = {},
 isbn = {},
 URL ={http://www.linuxvirtualserver.org/docs/scheduling.html},
} 

@article{20193,
 author = {},
 title = {},
 year = {},
 isbn = {},
 URL ={http://en.wikipedia.org/wiki/Load_balancing},
} 

@book{20194,
  title = {High Availability and Disaster Recovery, Chapter 2.3},
  author = {Klaus Schmidt},
  publisher = {},
  year = {2006},
  note = {Concepts, Design, Implementation},
  address = {},
  edition = {},
}

@inproceedings{inproceedings,
author = {Drake, Sam and Hu, Wei and McInnis, Dale and Sköld, Martin and Srivastava, Alok and Thalmann, Lars and Tikkanen, Matti and Torbjørnsen, Øystein and Wolski, Antoni},
year = {2004},
month = {05},
pages = {1-16},
title = {Architecture of Highly Available Databases},
doi = {10.1007/978-3-540-30225-4_1}
}

@article{Norman:1996:MAS:234889.234892,
 author = {Norman, Michael G. and Zurek, Thomas and Thanisch, Peter},
 title = {Much Ado About Shared-nothing},
 journal = {SIGMOD Rec.},
 issue_date = {Sept. 1996},
 volume = {25},
 number = {3},
 month = sep,
 year = {1996},
 issn = {0163-5808},
 pages = {16--21},
 numpages = {6},
 url = {http://doi.acm.org.libproxy.helsinki.fi/10.1145/234889.234892},
 doi = {10.1145/234889.234892},
 acmid = {234892},
 publisher = {ACM},
 address = {New York, NY, USA},
} 

@book{Gray:1992:TPC:573304,
 author = {Gray, Jim and Reuter, Andreas},
 title = {Transaction Processing: Concepts and Techniques},
 year = {1992},
 isbn = {1558601902},
 edition = {1st},
 publisher = {Morgan Kaufmann Publishers Inc.},
 address = {San Francisco, CA, USA},
} 

@article{IBM,
  title={Configuring Highly Available Clusters Using HACMP 4.5.},
  author={Kannan, S. et al},
  journal={ },
  year={October 2005, available at http://www.ibm.com.},
  pages={}
}

@article{RACOra,
  title={Oracle Real Application Clusters (RAC) Overview},
  author={MySQL Cluster white paper,
MySQL AB},
  journal={ },
  year={2003, available at
http://otn.oracle.com/products/database/clustering/},
  pages={}
}

@article{MySQL,
  title={How MySQL Cluster Supports 99.999 percent Availability},
  author={Oracle Corporation},
  journal={ },
  year={2004, available at http://www.mysql.com/cluster/},
  pages={}
}

@article{MySQL1,
  title={High Availability features of MySQL Cluster. MySQL
Cluster white paper, MySQL AB},
  author={Thalmann, L. and Ronström},
  journal={ },
  year={2004, available at http://www.mysql.com/cluster/},
  pages={}
}

@article{Oracle,
  title={Oracle Data Guard Overview},
  author={Oracle Corporation},
  journal={ },
  year={2003, available at
http://otn.oracle.com/deploy/availability/htdocs/DROverview.html},
  pages={}
}

@article{MySQL2,
  title={MySQL Reference Manual},
  author={MySQL AB},
  journal={ },
  year={2004, available at
http://www.mysql.com/documentation},
  pages={}
}

@article{MAA,
  title={Maximum Availability Architecture (MAA) Overview},
  author={Oracle Corporation},
  journal={ },
  year={2003,
available at http://otn.oracle.com/deploy/availability/htdocs/maa.htm},
  pages={}
}

@article{AHUG,
  title={Solid High Availability User Guide, Version 4.1},
  author={olid Information Technology},
  journal={ },
  year={February
2004, available at http://www.solidtech.com},
  pages={}
}

@article{AAMES,
  title={Application Availability: An Approach to Measurement},
  author={Fishman, D.M.},
  journal={Sun Microsystems},
  year={2000},
  pages={}
}

@article{Avizienis2004BasicCA,
  title={Basic concepts and taxonomy of dependable and secure computing},
  author={Algirdas V. Avizienis and J. Laprie and Brian Randell and Carl E. Landwehr},
  journal={IEEE Transactions on Dependable and Secure Computing},
  year={2004},
  volume={1},
  pages={11-33}
}

@article{article1,
author = {Toeroe, Maria and Tam, Francis},
year = {2012},
month = {03},
pages = {},
title = {Service Availability: Principles and Practice},
journal = {Service Availability: Principles and Practice},
doi = {10.1002/9781119941378}
}

@article{Blueprint,
author = { Sarah Gibbons},
title = {The 5 Steps to Service Blueprinting},
year = {February 4, 2018, available at https://www.nngroup.com/articles/5-steps-service-blueprinting/},
month = {},
pages = {},
journal = {},
doi = {}
}

@inproceedings{Joubert2007ParallelC,
  title={Parallel computing : architectures, algorithms and applications : book of abstracts / ParCo 2007 Conference, 4. - 7. September 2007. John von Neumann Institute for Computing (NIC). Ed. by Gerhard Joubert ... Organized by Forschungszentrum J{\"u}lich, RWTH Aachen University},
  author={Gerhard R. Joubert and Christian H. Bischof and Frans J. Peters and Thomas Lippert and Martin B{\"u}cker and Paul Gibbon and Bernd Mohr},
  year={2007}
}

@INPROCEEDINGS{4795877,
author={ {Xiao-Gao Yu} and {Wei-Xing Li}},
booktitle={2008 10th International Conference on Control, Automation, Robotics and Vision},
title={A new network storage architecture based on NAS and SAN},
year={2008},
volume={},
number={},
pages={2224-2227},
keywords={adaptive control;bandwidth allocation;file organisation;IP networks;memory architecture;storage area networks;storage management;NAS;SAN;IP;high performance storage network;global multiprotocol file system;iSCSI module;adaptive controller;ultra-high-throughput;block I/O;file I/O services;bandwidth allocation;network storage architecture;Storage area networks;Storage automation;Scalability;Network servers;File servers;Protocols;File systems;Programmable control;Adaptive control;Bandwidth;HPSN;GMPFS;iSCSI;AC},
doi={10.1109/ICARCV.2008.4795877},
ISSN={null},
month={Dec},}

@INPROCEEDINGS{6765952,
author={ {Bo Hu} and Y. {Sudo} and K. {Hato} and Y. {Murata} and J. {Murayama}},
booktitle={2013 19th Asia-Pacific Conference on Communications (APCC)},
title={Cost reduction evaluation of sharing backup servers in inter-cloud},
year={2013},
volume={},
number={},
pages={256-261},
keywords={business continuity;cloud computing;file servers;resource allocation;system recovery;Web services;cost reduction evaluation;backup server sharing;intercloud systems;cloud services;hardware failures;computing resource sharing;disaster recovery;Servers;Hardware;Availability;Mathematical model;Equations;Probability density function;Collaboration;cloud computing;availability;hardware failure;disaster recovery;backup server;Inter-cloud},
doi={10.1109/APCC.2013.6765952},
ISSN={2163-0771},
month={Aug},}

@INPROCEEDINGS{8230012,
author={F. {Shakeel} and S. {Sharma}},
booktitle={2017 International Conference on Computing, Communication and Automation (ICCCA)},
title={Green cloud computing: A review on efficiency of data centres and virtualization of servers},
year={2017},
volume={},
number={},
pages={1264-1267},
keywords={cloud computing;computer centres;green computing;power aware computing;data centers;increased energy demand;cloud computing systems;virtualization;green cloud computing;performance improvement;carbon dioxide;energy consumption;power consumption;green IT;Cloud computing;Energy efficiency;Servers;Power demand;Green products;Virtualization;green computing;cloud computing;virtualization of servers;data centers;VM consolidation;SLA},
doi={10.1109/CCAA.2017.8230012},
ISSN={null},
month={May},}

@book{turnbull2018monitoring,
  title={Monitoring with Prometheus},
  author={Turnbull, J.},
  isbn={9780988820289},
  url={https://books.google.fi/books?id=EtlfDwAAQBAJ},
  year={2018},
  publisher={James Turnbull}
}


@book{10.5555/3074244,
author = {Olups, Rihards},
title = {Zabbix Network Monitoring - Second Edition},
year = {2016},
isbn = {1782161287},
publisher = {Packt Publishing},
edition = {2nd}
}

@article{uptrends,
  title={https://www.uptrends.com/support/kb/api/monitorcheck-api},
  author={},
  journal={},
  year={},
  pages={}
}


@book{limoncelli2016practice,
  title={The Practice of System and Network Administration: DevOps and Other Best Practices for Enterprise IT, Volume 1},
  author={Limoncelli, T. and Chalup, S. and Hogan, C. and Safari, an O'Reilly Media Company},
  year={2016},
  publisher={Addison-Wesley Professional}
}

@article{nagios,
  title={https://www.nagios.com/},
  author={},
  journal={},
  year={},
  pages={}
}
